<?xml version="1.0" encoding="UTF-8"?><collection xmlns="http://www.loc.gov/MARC21/slim"><record><leader>00549nam--2200181-i-4500</leader><controlfield tag="001">000005509</controlfield><controlfield tag="002">20161230</controlfield><controlfield tag="005">20161230201026</controlfield><controlfield tag="008">060222s1000------------r-----000-0-fre-d</controlfield><datafield ind1=" " ind2=" " tag="040"><subfield code="a">IFIN-HH</subfield></datafield><datafield ind1=" " ind2=" " tag="041"><subfield code="a">fre</subfield></datafield><datafield ind1=" " ind2=" " tag="080"><subfield code="a">539.16(083.5)</subfield></datafield><datafield ind1="1" ind2=" " tag="100"><subfield code="a">Brunelet, Lucien</subfield></datafield><datafield ind1="1" ind2="0" tag="245"><subfield code="a">Les rayonnements ionisants. calculs techniques. tables de valeurs numeriques a l'usage des ingeniers, radiologues, officiers</subfield><subfield code="c">Lucien brunelet</subfield></datafield><datafield ind1=" " ind2=" " tag="260"><subfield code="a">Paris</subfield><subfield code="b">Gauthier-villars</subfield><subfield code="c">1960</subfield></datafield><datafield ind1=" " ind2=" " tag="300"><subfield code="a">74 P</subfield></datafield><datafield ind1=" " ind2=" " tag="852"><subfield code="a">16186</subfield><subfield code="c">53.081</subfield></datafield><datafield ind1=" " ind2=" " tag="CAT"><subfield code="a">Sys</subfield><subfield code="c">20151117</subfield><subfield code="h">143501</subfield></datafield></record></collection>